@article{bateman1940polynomial,
  title={The polynomial of Mittag-Leffler},
  author={Bateman, Harry},
  journal={Proceedings of the National Academy of Sciences},
  volume={26},
  number={8},
  pages={491--496},
  year={1940},
  publisher={National Acad Sciences}
}

@article{general1933watson,
    title = {General Transforms},
	volume = {s2-35},
	issn = {00246115},
	url = {http://doi.wiley.com/10.1112/plms/s2-35.1.156},
	doi = {10.1112/plms/s2-35.1.156},
	language = {en},
	number = {1},
	urldate = {2023-04-18},
	journal = {Proceedings of the London Mathematical Society},
	author = {Watson, G. N.},
	year = {1933},
	pages = {156--199},
}

@article{hale2018fast,
  title={A fast and spectrally convergent algorithm for rational-order fractional integral and differential equations},
  author={Hale, Nicholas and Olver, Sheehan},
  journal={SIAM Journal on Scientific Computing},
  volume={40},
  number={4},
  pages={A2456--A2491},
  year={2018},
  publisher={SIAM}
}

@book{hilfer2000applications,
  title={Applications of fractional calculus in physics},
  author={Hilfer, Rudolf},
  year={2000},
  publisher={World scientific}
}

@book{king2009hilbert,
  title={Hilbert transforms},
  author={King, Frederick W},
  volume={1},
  year={2009},
  publisher={Cambridge University Press Cambridge}
}

@article{kwasnicki2017ten,
  title={Ten equivalent definitions of the fractional Laplace operator},
  author={Kwa{\'s}nicki, Mateusz},
  journal={Fractional Calculus and Applied Analysis},
  volume={20},
  number={1},
  pages={7--51},
  year={2017},
  publisher={De Gruyter}
}

@misc{Mathematica,
  author = {Wolfram Research{,} Inc.},
  title = {Mathematica, {V}ersion 13.1},
  url = {https://www.wolfram.com/mathematica},
  note = {Champaign, IL, 2022}
}

@misc{NIST:DLMF,
         key = "{\relax DLMF}",
       title = "{\it NIST Digital Library of Mathematical Functions}",
howpublished = "http://dlmf.nist.gov/, Release 1.1.6 of 2022-06-30",
         url = "http://dlmf.nist.gov/",
        note = "F.~W.~J. Olver, A.~B. {Olde Daalhuis}, D.~W. Lozier, B.~I. Schneider,
                R.~F. Boisvert, C.~W. Clark, B.~R. Miller, B.~V. Saunders,
                H.~S. Cohl, and M.~A. McClain, eds."}

@article{ortigueira2006fractional,
  title={Fractional calculus applications in signals and systems},
  author={Ortigueira, Manuel Duarte and Machado, JA Tenreiro},
  journal={Signal Processing},
  volume={86},
  number={10},
  pages={2503--2504},
  year={2006},
  publisher={Elsevier North-Holland, Inc. New York, NY, USA}
}

@article{papadopoulos2022sparse,
  title={A sparse spectral method for fractional differential equations in one-spacial dimension},
  author={Papadopoulos, Ioannis and Olver, Sheehan},
  journal={arXiv preprint arXiv:2210.08247},
  year={2022}
}

@misc{prudnikov1988integrals,
  title={Integrals and series},
  author={Prudnikov, Anatoli Platonovich and Brychkov, Yu A and Marichev, Oleg Igorevich and Romer, Robert H},
  year={1988},
  publisher={American Association of Physics Teachers}
}

@article{pu2022numerical,
  title={The numerical solution of fractional integral equations via orthogonal polynomials in fractional powers},
  author={Pu, Tianyi and Fasondini, Marco},
  journal={arXiv preprint arXiv:2206.14280},
  year={2022}
}

@book{samko1993fractional,
  title={Fractional integrals and derivatives},
  author={Samko, Stefan G and Kilbas, Anatoly A and Marichev, Oleg I and others},
  volume={1},
  year={1993},
  publisher={Gordon and breach science publishers, Yverdon Yverdon-les-Bains, Switzerland}
}

@article{tarasov2019history,
  title={On history of mathematical economics: Application of fractional calculus},
  author={Tarasov, Vasily E},
  journal={Mathematics},
  volume={7},
  number={6},
  pages={509},
  year={2019},
  publisher={MDPI}
}

@article{tenreiro2010some,
  title={Some applications of fractional calculus in engineering},
  author={Tenreiro Machado, JA and Silva, Manuel F and Barbosa, Ramiro S and Jesus, Isabel S and Reis, Cec{\'\i}lia M and Marcos, Maria G and Galhano, Alexandra F and others},
  journal={Mathematical problems in engineering},
  volume={2010},
  year={2010},
  publisher={Hindawi}
}